@article{guimera04a,
  title={{Modeling the world-wide airport network}},
  author={Guimer\'{a}, R. and Amaral, L. A. N.},
  journal={The European Physical Journal B},
  volume={38},
  number={2},
  pages={381--385},
  year={2004},
  publisher={edpsciences. org}
}

@conference{agrawal91,
  title={{When trees collide: An approximation algorithm for the generalized Steiner problem on networks}},
  author={Agrawal, A. and Klein, P. and Ravi, R.},
  booktitle={Proceedings of the twenty-third annual ACM symposium on Theory of computing},
  pages={134--144},
  year={1991},
  organization={ACM New York, NY, USA}
}

@article{albert04,
  title={{Structural vulnerability of the North American power grid}},
  author={Albert, R. and Albert, I. and Nakarado, G.L.},
  journal={Physical Review E},
  volume={69},
  number={2},
  pages={25103},
  year={2004},
  publisher={APS}
}

@article{albert02,
  title={{Statistical mechanics of complex networks}},
  author={Albert, R. and Barab{\'a}si, A.L.},
  journal={Reviews of modern physics},
  volume={74},
  number={1},
  pages={47--97},
  year={2002},
  publisher={APS}
}

@article{albert99,
  title={{Diameter of the World-Wide Web}},
  author={Albert, R. and Jeong, H. and Barabasi, A. L.},
  journal={Nature(London)},
  volume={401},
  number={6749},
  pages={130--131},
  year={1999},
  publisher={Nature Publishing}
}

@book{alberts00,
  title={{Network centric warfare: Developing and leveraging information superiority}},
  author={Alberts, D.S. and Garstka, J.J. and Stein, F.P.},
  year={2000},
  publisher={National Defense University Press}
}

@article{alderson05,
  title={{Understanding Internet topology: principles, models, and validation}},
  author={Alderson, D. and Li, L. and Willinger, W. and Doyle, J.C.},
  journal={IEEE/ACM Transactions on Networking (TON)},
  volume={13},
  number={6},
  pages={1218},
  year={2005},
  publisher={IEEE Press}
}

@book{bak96,
  title={{How nature works: the science of self-organized criticality}},
  author={Bak, P.},
  year={1996},
  publisher={Copernicus New York}
}

@article{barabasi03,
  title={{Scale-free networks.}},
  author={Barabasi, AL and Bonabeau, E.},
  journal={Scientific American},
  volume={288},
  number={5},
  pages={50--9},
  year={2003}
}

@article{bermond98,
  title={{Hamilton circuits in the directed wrapped Butterfly network}},
  author={Bermond, J.C. and Darrot, E. and Delmas, O. and Perennes, S.},
  journal={Discrete Applied Mathematics},
  volume={84},
  number={1-3},
  pages={21--42},
  year={1998},
  publisher={Citeseer}
}

@article{bridges80,
  title={{Impossibility of Directed Moore Graphs}},
  author={Bridges, WG and Toueg, S.},
  journal={J. COMBINAT. THEORY, SER. B},
  volume={29},
  number={3},
  pages={339--341},
  year={1980}
}

@article{bollobas80,
  title={{A probabilistic proof of an asymptotic formula for the number of labelled regular graphs}},
  author={Bollob{\'a}s, B.},
  journal={European J. Combin},
  volume={1},
  number={4},
  pages={311--316},
  year={1980}
}

@article{chen00,
  title={{Kneser Graphs Are Hamiltonian For n? 3k}},
  author={Chen, Y.C.},
  journal={Journal of Combinatorial Theory, Series B},
  volume={80},
  number={1},
  pages={69--79},
  year={2000},
  publisher={Elsevier}
}

@article{carlson99,
  title={{Highly optimized tolerance: A mechanism for power laws in designed systems}},
  author={Carlson, JM and Doyle, J.},
  journal={Physical Review E},
  volume={60},
  number={2},
  pages={1412--1427},
  year={1999},
  publisher={APS}
}

@article{chassin05,
  title={{Evaluating North American electric grid reliability using the Barab{\'a}si--Albert network model}},
  author={Chassin, D.P. and Posse, C.},
  journal={Physica A: Statistical Mechanics and its Applications},
  volume={355},
  number={2-4},
  pages={667--677},
  year={2005},
  publisher={Elsevier}
}

@article{costa07,
  title={{Characterization of complex networks: A survey of measurements}},
  author={Costa, L.D.F. and Rodrigues, FA and Travieso, G. and Boas, PR},
  journal={Advances in Physics},
  volume={56},
  pages={167--242},
  year={2007}
}

@article{crucitti04,
  title={{A topological analysis of the Italian electric power grid}},
  author={Crucitti, P. and Latora, V. and Marchiori, M.},
  journal={Physica A: Statistical Mechanics and its Applications},
  volume={338},
  number={1-2},
  pages={92--97},
  year={2004},
  publisher={Elsevier}
}

@article{decker00,
  title={{Towards optimal load balancing topologies}},
  author={Decker, T. and Monien, B. and Preis, R.},
  journal={Lecture Notes in Computer Science},
  pages={277--287},
  year={2000},
  publisher={Springer}
}

@article{dinneen94,
  title={{New results for the degree/diameter problem}},
  author={Dinneen, M. J. and Hafner, P. R.},
  journal={Networks(New York, NY)},
  volume={24},
  number={7},
  pages={359--367},
  year={1994},
  publisher={John Wiley \& Sons}
}

@article{donetti05,
  title={{Entangled networks, synchronization, and optimal network topology}},
  author={Donetti, L. and Hurtado, P.I. and Munoz, M.A.},
  journal={Physical review letters},
  volume={95},
  number={18},
  pages={188701},
  year={2005},
  publisher={APS}
}

@article{donetti06,
  title={{Optimal network topologies: Expanders, Cages, Ramanujan graphs, Entangled networks and all that}},
  author={Donetti, L. and Neri, F. and Mu{\~n}oz, M.A.},
  journal={Journal of Statistical Mechanics: Theory and Experiment},
  volume={2006},
  pages={P08007},
  year={2006},
  publisher={Institute of Physics Publishing}
}

@conference{faloutsos99,
  title={{On power-law relationships of the internet topology}},
  author={Faloutsos, M. and Faloutsos, P. and Faloutsos, C.},
  booktitle={Proceedings of the conference on Applications, technologies, architectures, and protocols for computer communication},
  pages={262},
  year={1999},
  organization={ACM}
}

@article{fleischner74,
  title={{The square of every two-connected graph is Hamiltonian}},
  author={Fleischner, H.},
  journal={J. Combinatorial Theory},
  volume={3},
  pages={29--34},
  year={1974}
}

@article{fraigniaud06,
  title={{D2B: A de Bruijn based content-addressable network}},
  author={Fraigniaud, P. and Gauron, P.},
  journal={Theoretical Computer Science},
  volume={355},
  number={1},
  pages={65--79},
  year={2006},
  publisher={Elsevier}
}

@conference{freedman02,
  title={{Efficient peer-to-peer lookup based on a distributed trie}},
  author={Freedman, M.J. and Vingralek, R.},
  booktitle={Proceedings of the 1st International Workshop on Peer-to-Peer Systems (IPTPS02)},
  organization={Springer}
}

@techrep{giridhar08,
title={{Organizing communication networks for optimal search of high-value targets}}
author={Giridhar, A. and Krishnamurthy, B. and Patkar, P.and Zhao, C. and Venkatasubramanian, V. and Katare, S.}
institution={Laboratory for Intelligent Process Systems, School of Chemical Engineering, Purdue University, West Lafayette, IN 47907}
year=2008
}

@article{gould91,
  title={{Updating the Hamiltonian problem—a survey}},
  author={Gould, R.J.},
  journal={J. Graph Theory},
  volume={15},
  number={2},
  pages={121--157},
  year={1991},
  publisher={Citeseer}
}

@article{guimera04,
  title={{Modeling the world-wide airport network}},
  author={Guimer\'{a}, R. and Amaral, LAN},
  journal={The European Physical Journal B},
  volume={38},
  number={2},
  pages={381--385},
  year={2004},
  publisher={edpsciences. org}
}

@article{guimera05b,
  title={{Functional cartography of complex metabolic networks}},
  author={Guimer\'{a}, R. and Amaral, L.A.N.},
  journal={Nature},
  volume={433},
  number={7028},
  pages={895},
  year={2005},
  publisher={NIH Public Access}
}

@article{guimera02,
  title={{Optimal network topologies for local search with congestion}},
  author={Guimer\'{a}, R. and Diaz-Guilera, A. and Vega-Redondo, F. and Cabrales, A. and Arenas, A.},
  journal={Physical Review Letters},
  volume={89},
  number={24},
  pages={248701},
  year={2002},
  publisher={APS}
}

@article{guimera05a,
  title={{The worldwide air transportation network: Anomalous centrality, community structure, and cities' global roles}},
  author={Guimer\'{a}, R. and Mossa, S. and Turtschi, A. and Amaral, LAN},
  journal={Proceedings of the National Academy of Sciences},
  volume={102},
  number={22},
  pages={7794},
  year={2005},
  publisher={National Acad Sciences}
}

@article{guimera07,
  title={{A network-based method for target selection in metabolic networks}},
  author={Guimer\'{a}, R. and Sales-Pardo, M. and Amaral, LAN},
  journal={Bioinformatics},
  volume={23},
  number={13},
  pages={1616},
  year={2007},
  publisher={Oxford Univ Press}
}

@conference{gummadi03,
  title={{The impact of DHT routing geometry on resilience and proximity}},
  author={Gummadi, K. and Gummadi, R. and Gribble, S. and Ratnasamy, S. and Shenker, S. and Stoica, I.},
  booktitle={Proceedings of the 2003 conference on Applications, technologies, architectures, and protocols for computer communications},
  pages={381--394},
  year={2003},
  organization={ACM New York, NY, USA}
}

@article{harary62,
  title={{The maximum connectivity of a graph}},
  author={Harary, F.},
  journal={Proceedings of the National Academy of Sciences of the United States of America},
  volume={48},
  number={7},
  pages={1142},
  year={1962},
  publisher={National Academy of Sciences}
}

@article{hoory06,
  title={{Expander graphs and their applications}},
  author={Hoory, S. and Linial, N. and Wigderson, A.},
  journal={BULLETIN-AMERICAN MATHEMATICAL SOCIETY},
  volume={43},
  number={4},
  pages={439},
  year={2006},
  publisher={AMERICAN MATHEMATICAL SOCIETY}
}

@book{hwang93,
  title={{Advanced computer architecture: parallelism, scalability, programmability}},
  author={Hwang, K.},
  year={1993},
  publisher={McGraw-Hill New York}
}

@article{du01,
  title={{Steiner tree problems}},
  author={Du, D.Z. and Lu, B. and Ngo, H. and Pardalos, P.M.},
  journal={Encyclopedia of optimization},
  volume={5},
  pages={227--290},
  year={2001},
  publisher={Citeseer}
}

@article{imase85,
  title={{Connectivity of regular directed graphs with small diameters}},
  author={Imase, M. and Soneoka, T. and Okada, K.},
  journal={IEEE Transactions on Computers},
  volume={100},
  number={34},
  pages={267--273},
  year={1985}
}

@article{jeong01,
  title={{Lethality and centrality in protein networks}},
  author={Jeong, H. and Mason, S. P. and Barabasi, A. L. and Oltvai, Z. N.},
  journal={Nature(London)},
  volume={411},
  number={6833},
  pages={41--42},
  year={2001},
  publisher={Nature Publishing}
}

@article{kaashoek03,
  title={{Koorde: A simple degree-optimal distributed hash table}},
  author={Kaashoek, M.F. and Karger, D.R.},
  journal={Lecture Notes in Computer Science},
  pages={98--107},
  year={2003},
  publisher={Springer}
}

@article{karp72,
  title={{Reducibility among combinatorial problems}},
  author={Karp, R.M.},
  journal={Complexity of computer computations},
  volume={43},
  pages={85--103},
  year={1972},
  publisher={New York}
}

@book{kolman95,
  title={{Discrete mathematical structures}},
  author={Kolman, B. and Busby, R.C. and Ross, S.},
  year={1995},
  publisher={Prentice-Hall, Inc. Upper Saddle River, NJ, USA}
}

@article{kleinberg00,
  title={{Navigation in a small world}},
  author={Kleinberg, J.},
  journal={Nature},
  volume={406},
  number={6798},
  pages={845--845},
  year={2000}
}

@article{lamport82,
  title={{The Byzantine generals problem}},
  author={Lamport, L. and Shostak, R. and Pease, M.},
  journal={ACM Transactions on Programming Languages and Systems (TOPLAS)},
  volume={4},
  number={3},
  pages={401},
  year={1982},
  publisher={ACM}
}

@conference{law03,
  title={{Distributed construction of random expander graphs}},
  author={Law, C. and Siu, K.Y.},
  booktitle={IEEE INFOCOM},
  pages={2133--2143},
  year={2003},
  organization={Citeseer}
}

@conference{loguinov03,
  title={{Graph-theoretic analysis of structured peer-to-peer systems: routing distances and fault resilience}},
  author={Loguinov, D. and Kumar, A. and Rai, V. and Ganesh, S.},
  booktitle={Proceedings of the 2003 conference on Applications, technologies, architectures, and protocols for computer communications},
  pages={395--406},
  year={2003},
  organization={ACM New York, NY, USA}
}

@conference{malkhi02,
  title={{Viceroy: A scalable and dynamic emulation of the butterfly}},
  author={Malkhi, D. and Naor, M. and Ratajczak, D.},
  booktitle={Proceedings of the twenty-first annual symposium on Principles of distributed computing},
  pages={183--192},
  year={2002},
  organization={ACM New York, NY, USA}
}

@article{meringer99,
  title={{Fast generation of regular graphs and construction of cages}},
  author={Meringer, M.},
  journal={Journal of Graph Theory},
  volume={30},
  number={2},
  pages={137--146},
  year={1999},
  publisher={Citeseer}
}

@article{miller05,
  title={{Moore graphs and beyond: A survey of the degree/diameter problem}},
  author={Miller, M. and {\v{S}}ir{\'a}n, J.},
  journal={Electronic Journal of Combinatorics},
  volume={61},
  pages={1--63},
  year={2005}
}

@conference{mondragon06,
  title={{Optimal networks, congestion and Braess' paradox}},
  author={Mondrag{\'o}n C, Ra{\'u}l. J.},
  booktitle={Proceedings from the 2006 workshop on Interdisciplinary systems approach in performance evaluation and design of computer \& communications sytems},
  pages={9},
  year={2006},
  organization={ACM}
}

@article{newman03,
  title={{Why social networks are different from other types of networks}},
  author={Newman, M. E. J and Park, J.},
  journal={Physical Review E},
  volume={68},
  number={3},
  pages={36122},
  year={2003},
  publisher={APS}
}

@article{newman06,
  title={{Modularity and community structure in networks}},
  author={Newman, M. E. J.},
  journal={Proceedings of the National Academy of Sciences},
  volume={103},
  number={23},
  pages={8577},
  year={2006},
  publisher={National Acad Sciences}
}

@article{ratnasamy03,
  title={{Data-centric storage in sensornets with GHT, a geographic hash table}},
  author={Ratnasamy, S. and Karp, B. and Shenker, S. and Estrin, D. and Govindan, R. and Yin, L. and Yu, F.},
  journal={Mobile networks and applications},
  volume={8},
  number={4},
  pages={427--442},
  year={2003},
  publisher={Springer}
}

@conference{ratnasamy02,
  title={{Routing algorithms for DHTs: Some open questions}},
  author={Ratnasamy, S. and Shenker, S. and Stoica, I.},
  booktitle={Proc. of 1st International Workshop on Peer-to-Peer Systems},
  year={2002},
  organization={Springer}
}

@article{santoso05,
  title={{A stochastic programming approach for supply chain network design under uncertainty}},
  author={Santoso, T. and Ahmed, S. and Goetschalckx, M. and Shapiro, A.},
  journal={European Journal of Operational Research},
  volume={167},
  number={1},
  pages={96--115},
  year={2005},
  publisher={Elsevier}
}

@article{schlosser03,
  title={{Hypercup-hypercubes, ontologies, and efficient search on peer-to-peer networks}},
  author={Schlosser, M. and Sintek, M. and Decker, S. and Nejdl, W.},
  journal={LECTURE NOTES IN COMPUTER SCIENCE},
  pages={112--124},
  year={2003},
  publisher={Springer}
}

@article{smart08,
  title={{Cascading failure and robustness in metabolic networks}},
  author={Smart, A.G. and Amaral, L.A.N. and Ottino, J.M.},
  journal={Proceedings of the National Academy of Sciences},
  volume={105},
  number={36},
  pages={13223},
  year={2008},
  publisher={National Acad Sciences}
}

@article{steger99,
  title={{Generating random regular graphs quickly}},
  author={Steger, A. and Wormald, NC},
  journal={Combinatorics, Probability and Computing},
  volume={8},
  number={04},
  pages={377--396},
  year={1999},
  publisher={Cambridge Univ Press}
}

@conference{stoica01,
  title={{Chord: A scalable peer-to-peer lookup service for internet applications}},
  author={Stoica, I. and Morris, R. and Karger, D. and Kaashoek, M.F. and Balakrishnan, H.},
  booktitle={Proceedings of the 2001 conference on Applications, technologies, architectures, and protocols for computer communications},
  pages={160},
  year={2001},
  organization={ACM}
}

@book{papadimitriou98,
  title={{Combinatorial optimization: algorithms and complexity}},
  author={Papadimitriou, C.H. and Steiglitz, K.},
  year={1998},
  publisher={Dover Pubns}
}

@article{patil09a,
  title={{Breeding Diameter-Optimal Topologies for Distributed Indexes}},
  author={Patil, S. and Srinivasa, S. and Mukherjee, S. and Rachakonda, A. R. and Venkatasubramanian, V.},
  journal={Complex Systems},
  volume={18},
  number={2(c)},
  pages={175--194},
  year={2009}
}

@conference{patil09b,
 title={{Classes of Optimal Network Topologies under Multiple Efficiency and Robustness Constraints}},
 author={Patil, S. and Srinivasa, S. and Venkatasubramanian, V.},
 year={2009},
 booktitle={Proceedings of the IEEE Systems Man and Cybernetics},
 organization={IEEE}
}


@article{patil09c,
 title={{Theoretical Notes on Regular Graphs as applied to Optimal Network Design}},
 author={Sanket Patil and Srinath Srinivasa},
 year={2009},
 institution={Open Systems Laboratory, International Institute of Information Technology}
}

@article{patil09d,
 title={{Algorithms for Constructing Optimal \textit{Circular Skip Lists}}},
 author={Sanket Patil},
 year={2009},
 institution={Open Systems Laboratory, International Institute of Information Technology}
}


@conference{patil10,
 title={{Theoretical Notes on Regular Graphs as applied to Optimal Network Design}},
 author={Sanket Patil and Srinath Srinivasa},
 year={2010},
 booktitle={Proceedings of the Interntional Conference on Distributed Computing and Internet Technology}
}

@article{plaxton99,
  title={{Accessing nearby copies of replicated objects in a distributed environment}},
  author={Plaxton, CG and Rajaraman, R. and Richa, AW},
  journal={Theory of Computing Systems},
  volume={32},
  number={3},
  pages={241--280},
  year={1999},
  publisher={Springer}
}

@conference{qu04,
  title={{Cayley DHTs-a group-theoretic framework for analyzing DHTs based on cayley graphs}},
  author={Qu, C. and Nejdl, W. and Kriesell, M.},
  booktitle={International Symposium on Parallel and Distributed Processing and Applications (ISPA)},
  year={2004},
  organization={Springer}
}


@article{parhami05,
  title={{Perfect difference networks and related interconnection structures for parallel and distributed systems}},
  author={Parhami, B. and Rakov, M.},
  journal={IEEE Transactions on Parallel and Distributed Systems},
  volume={16},
  number={8},
  pages={714--724},
  year={2005},
  publisher={Citeseer}
}


@conference{ratnasamy01,
  title={{A scalable content-addressable network}},
  author={Ratnasamy, S. and Francis, P. and Handley, M. and Karp, R. and Schenker, S.},
  booktitle={Proceedings of the 2001 conference on Applications, technologies, architectures, and protocols for computer communications},
  pages={172},
  year={2001},
  organization={ACM}
}

@article{strogatz01,
  title={{Exploring complex networks}},
  author={Strogatz, S.H.},
  journal={Nature},
  volume={410},
  number={6825},
  pages={268--276},
  year={2001}
}

@conference{stutzbach06,
  title={{Understanding churn in peer-to-peer networks}},
  author={Stutzbach, D. and Rejaie, R.},
  booktitle={Proceedings of the 6th ACM SIGCOMM conference on Internet measurement},
  pages={202},
  year={2006},
  organization={ACM}
}

@article{valente04,
  title={{Two-peak and three-peak optimal complex networks}},
  author={Valente, A.X.C.N. and Sarkar, A. and Stone, H.A.},
  journal={Physical review letters},
  volume={92},
  number={11},
  pages={118702},
  year={2004},
  publisher={APS}
}

@article{venkatasubramanian07,
  title={{A theory of design of complex teleological systems: Unifying the Darwinian and Boltzmannian perspectives}},
  author={Venkatasubramanian, V.},
  journal={Complexity},
  volume={12},
  number={3},
  pages={14--21},
  year={2007},
  publisher={New York, NY: Wiley \& Sons, 1995-}
}

@article{venkatasubramanian04,
  title={{Spontaneous emergence of complex optimal networks through evolutionary adaptation}},
  author={Venkatasubramanian, V. and Katare, S. and Patkar, P.R. and Mu, F.P.},
  journal={Computers \& chemical engineering},
  volume={28},
  number={9},
  pages={1789--1798},
  year={2004},
  publisher={Elsevier}
}


@article{watts98,
  title={{Collective dynamics of ‘small-world’networks}},
  author={Watts, D.J. and Strogatz, S.H.},
  journal={Nature},
  volume={393},
  number={6684},
  pages={440--442},
  year={1998},
  publisher={Nature Publishing Group}
}


@article{williams00,
  title={{Simple rules yield complex food webs}},
  author={Williams, R.J. and Martinez, N.D.},
  journal={Nature},
  volume={404},
  number={6774},
  pages={180--183},
  year={2000}
}

@article{willinger09,
  title={{Mathematics and the internet: A source of enormous confusion and great potential}},
  author={Willinger, W. and Alderson, D. and Doyle, J.C.},
  journal={Notices of the American Mathematical Society},
  volume={56},
  number={5},
  pages={586--599},
  year={2009},
  publisher={American Mathematical Society}
}

@article{wormald99,
  title={{Models of random regular graphs}},
  author={Wormald, N.C.},
  journal={Surveys in combinatorics},
  volume={276},
  pages={239--298},
  year={1999}
}

@article{xu04,
  title={{On the fundamental tradeoffs between routing table size and network diameter in peer-to-peer networks}},
  author={Xu, J. and Kumar, A. and Yu, X.},
  journal={IEEE Journal on Selected Areas in Communications},
  volume={22},
  number={1},
  pages={151--163},
  year={2004},
  publisher={Citeseer}
}

@article{zhao05,
  title={{Onset of traffic congestion in complex networks}},
  author={Zhao, L. and Lai, Y.C. and Park, K. and Ye, N.},
  journal={Physical Review E},
  volume={71},
  number={2},
  pages={26125},
  year={2005},
  publisher={APS}
}

@conference{loguinov03,
  title={{Graph-theoretic analysis of structured peer-to-peer systems: routing distances and fault resilience}},
  author={Loguinov, D. and Kumar, A. and Rai, V. and Ganesh, S.},
  booktitle={Proceedings of the 2003 conference on Applications, technologies, architectures, and protocols for computer communications},
  pages={395--406},
  year={2003},
  organization={ACM New York, NY, USA}
}

@conference{dekker04,
  title={{Network robustness and graph topology}},
  author={Dekker, A.H. and Colbert, B.D.},
  booktitle={Proceedings of the 27th Australasian conference on Computer science-Volume 26},
  pages={359--368},
  year={2004},
  organization={Australian Computer Society, Inc. Darlinghurst, Australia, Australia}
}

@book{hwang92,
  title={{Advanced computer architecture: parallelism, scalability, programmability}},
  author={Hwang, K.},
  year={1992},
  publisher={McGraw-Hill New York}
}

@article{loguinov05,
  title={{Graph-Theoretic Analysis of Structured Peer-to-Peer Systems: Routing Distances and Fault Resilience}},
  author={Loguinov, D. and Casas, J. and Wang, X.},
  journal={IEEE/ACM TRANSACTIONS ON NETWORKING},
  volume={13},
  number={5},
  pages={1107},
  year={2005}
}

@article{stoica03,
  title={{Chord: a scalable peer-to-peer lookup protocol for internet applications}},
  author={Stoica, I. and Morris, R. and Liben-Nowell, D. and Karger, D.R. and Kaashoek, M.F. and Dabek, F. and Balakrishnan, H.},
  journal={IEEE/ACM Transactions on Networking (TON)},
  volume={11},
  number={1},
  pages={32},
  year={2003},
  publisher={IEEE Press}
}

@article{schlosser03,
  title={{Hypercup-hypercubes, ontologies, and efficient search on peer-to-peer networks}},
  author={Schlosser, M. and Sintek, M. and Decker, S. and Nejdl, W.},
  journal={LECTURE NOTES IN COMPUTER SCIENCE},
  pages={112--124},
  year={2003},
  publisher={Springer}
}

@article{robinson94,
  title={{Almost all regular graphs are Hamiltonian}},
  author={Robinson, R.W. and Wormald, N.C.},
  journal={Random Structures and Algorithms},
  volume={5},
  number={2},
  pages={363--374},
  year={1994},
  publisher={Citeseer}
}

@article{reynolds99,
  title={{An assessment of the capacity and congestion levels at European airports}},
  author={Reynolds-Feighan, A.J. and Button, K.J.},
  journal={Journal of Air Transport Management},
  volume={5},
  number={3},
  pages={113--134},
  year={1999},
  publisher={Elsevier Ltd}
}

@article{brueckner05,
  title={{Internalization of airport congestion: A network analysis}},
  author={Brueckner, J.K.},
  journal={International Journal of Industrial Organization},
  volume={23},
  number={7-8},
  pages={599--614},
  year={2005},
  publisher={Elsevier}
}

@article{morrison07,
  title={{Another look at airport congestion pricing}},
  author={Morrison, S.A. and Winston, C.},
  journal={American Economic Review},
  volume={97},
  number={5},
  pages={1970--1977},
  year={2007},
  publisher={American Economic Association Publications}
}

@article{colizza06,
  title={{The role of the airline transportation network in the prediction and predictability of global epidemics}},
  author={Colizza, V. and Barrat, A. and Barth\'{e}lemy, M. and Vespignani, A.},
  journal={Proceedings of the National Academy of Sciences},
  volume={103},
  number={7},
  pages={2015},
  year={2006},
  publisher={National Acad Sciences}
}

@article{brueckner01,
  title={{A model of scheduling in airline networks: how a hub-and-spoke system affects flight frequency, fares and welfare}},
  author={Brueckner, J.K. and Zhang, Y.},
  journal={Journal of transport Economics and Policy},
  volume={35},
  number={2},
  pages={195--222},
  year={2001},
  publisher={The London School of Economics and Political Science; University of Bath}
}

@article{burghouwt01,
  title={{The evolution of the European aviation network, 1990--1998}},
  author={Burghouwt, G. and Hakfoort, J.},
  journal={Journal of Air Transport Management},
  volume={7},
  number={5},
  pages={311--318},
  year={2001},
  publisher={Elsevier}
}

@article{button02,
  title={{Debunking some common myths about airport hubs}},
  author={Button, K.},
  journal={Journal of Air Transport Management},
  volume={8},
  number={3},
  pages={177--188},
  year={2002},
  publisher={Elsevier}
}

@misc{berry96,
  title={{Airline hubs: costs, markups and the implications of customer heterogeneity}},
  author={Berry, S. and Carnall, M. and Spiller, P.T.},
  year={1996},
  publisher={National Bureau of Economic Research Cambridge, Mass., USA}
}

@article{alderighi05,
  title={{Network competition—the coexistence of hub-and-spoke and point-to-point systems}},
  author={Alderighi, M. and Cento, A. and Nijkamp, P. and Rietveld, P.},
  journal={Journal of Air Transport Management},
  volume={11},
  number={5},
  pages={328--334},
  year={2005},
  publisher={Elsevier}
}

@article{adler07,
  title={{Hub-and-spoke network alliances and mergers: Price-location competition in the airline industry}},
  author={Adler, N. and Smilowitz, K.},
  journal={Transportation Research Part B},
  volume={41},
  number={4},
  pages={394--409},
  year={2007},
  publisher={Elsevier}
}

@article{alumur08,
  title={{Network hub location problems: The state of the art}},
  author={Alumur, S. and Kara, B.Y.},
  journal={European Journal of Operational Research},
  volume={190},
  number={1},
  pages={1--21},
  year={2008},
  publisher={Elsevier}
}

@article{mcafee06,
  title={{Dynamic pricing in the airline industry}},
  author={McAfee, P. and Te Velde, V.},
  journal={forthcoming in Handbook on Economics and Information Systems, Ed: TJ Hendershott, Elsevier},
  year={2006},
  publisher={Citeseer}
}

@article{forbes08,
  title={{The effect of air traffic delays on airline prices}},
  author={Forbes, S.J.},
  journal={International Journal of Industrial Organization},
  volume={26},
  number={5},
  pages={1218--1232},
  year={2008},
  publisher={Elsevier}
}

@article{barrat04,
  title={{The architecture of complex weighted networks}},
  author={Barrat, A. and Barth\'{e}lemy, M. and Pastor-Satorras, R. and Vespignani, A.},
  journal={Proceedings of the National Academy of Sciences},
  volume={101},
  number={11},
  pages={3747},
  year={2004},
  publisher={National Acad Sciences}
}

@conference{newman07,
  title={{Mixing patterns and community structure in networks}},
  author={Newman, M. E. J. and Girvan, M.},
  booktitle={Proceedings on a Workshop on Statistics on Networks},
  pages={74},
  year={2007},
  organization={Natl Academy Pr}
}

@article{barthelemy05,
  title={{Characterization and modeling of weighted networks}},
  author={Barth\'{e}lemy, M. and Barrat, A. and Pastor-Satorras, R. and Vespignani, A.},
  journal={Physica A: Statistical Mechanics and Its Applications},
  volume={346},
  number={1-2},
  pages={34--43},
  year={2005},
  publisher={Elsevier}
}

@article{li04,
  title={{Statistical analysis of airport network of China}},
  author={Li, W. and Cai, X.},
  journal={Physical Review E},
  volume={69},
  number={4},
  pages={46106},
  year={2004},
  publisher={APS}
}

@article{bagler08,
  title={{Analysis of the Airport Network of India as a complex weighted network}},
  author={Bagler, G.},
  journal={Physica A: Statistical Mechanics and its Applications},
  year={2008},
  publisher={Elsevier}
}

@article{guida07,
  title={{Topology of the Italian airport network: A scale-free small-world network with a fractal structure?}},
  author={Guida, M. and Maria, F.},
  journal={Chaos, Solitons and Fractals},
  volume={31},
  number={3},
  pages={527--536},
  year={2007},
  publisher={Elsevier}
}

@article{sienkiewicz05,
  title={{Statistical analysis of 22 public transport networks in Poland}},
  author={Sienkiewicz, J. and Ho{\l}yst, J.A.},
  journal={Physical Review E},
  volume={72},
  number={4},
  pages={46127},
  year={2005},
  publisher={APS}
}

@article{mitzenmacher04,
  title={{A brief history of generative models for power law and lognormal distributions}},
  author={Mitzenmacher, M.},
  journal={Internet mathematics},
  volume={1},
  number={2},
  pages={226--251},
  year={2004},
  publisher={AK Peters}
}
