@ARTICLE{feyn54,
   author = "R. P. Feynman",
   year = "1954",
   journal = "Phys.\ Rev.",
   volume = "94",
   pages = "262"
}

@ARTICLE{epr,
   author = "A. Einstein and B. Podolsky and N. Rosen",
   year = "1935",
   journal = "Phys.\ Rev.",
   volume = "47",
   pages = "777"
}

@MISC{witten2001,
   author = "Edward Witten",
   eprint = "hep-th/0106109"
}

